<?xml version="1.0" encoding="UTF-8"?><collection xmlns="http://www.loc.gov/MARC21/slim"><record><leader>00419nam--2200145-i-4500</leader><controlfield tag="001">000012875</controlfield><controlfield tag="002">20161230</controlfield><controlfield tag="005">20161230201030</controlfield><controlfield tag="008">060222s1000------------r-----000-0-eng-d</controlfield><datafield ind1=" " ind2=" " tag="080"><subfield code="a">621.375.826</subfield></datafield><datafield ind1=" " ind2=" " tag="245"><subfield code="a">Laser window and mirror materials</subfield></datafield><datafield ind1=" " ind2=" " tag="260"><subfield code="a">New York, Ifi/Plenum, 1977 Xi + 290 P</subfield></datafield><datafield ind1=" " ind2=" " tag="490"><subfield code="a">Solid State Physics Literature Guides</subfield></datafield><datafield ind1=" " ind2=" " tag="700"><subfield code="a">Battle, G.C., Connelly, Tom And Keesee, Anne M</subfield></datafield><datafield ind1=" " ind2=" " tag="852"><subfield code="a">1298</subfield></datafield></record></collection>